
  <record>
    <leader>01000aam  22002601a 4500</leader>
    <controlfield tag="001">YPZ95135</controlfield>
    <controlfield tag="003">YPZ</controlfield>
    <controlfield tag="005">201205081656500</controlfield>
    <controlfield tag="008">120508|###########||||||b||||||||||spa|d</controlfield>
    <datafield tag="040" ind1=" " ind2=" ">
      <subfield code="c">SIUNPA</subfield>
    </datafield>
    <datafield tag="080" ind1=" " ind2=" ">
      <subfield code="a">611.7 A639a</subfield>
    </datafield>
    <datafield tag="245" ind1=" " ind2=" ">
      <subfield code="a">Aparato locomotor del ser humano</subfield>
      <subfield code="c"> / Melgarejo, Daniel, il. ; Irvini, Gabriel, il.</subfield>
    </datafield>
    <datafield tag="260" ind1=" " ind2=" ">
      <subfield code="a">Buenos Aires</subfield>
      <subfield code="b"> : Centro Integral de Diapositivas Audiovisuales, CIDA</subfield>
      <subfield code="c"> , [198-?]</subfield>
    </datafield>
    <datafield tag="300" ind1=" " ind2=" ">
      <subfield code="a">7 h. : </subfield>
      <subfield code="e">24 diapositivas</subfield>
    </datafield>
    <datafield tag="440" ind1=" " ind2=" ">
      <subfield code="a">Educación para la salud</subfield>
      <subfield code="v">Carpeta no. 523</subfield>
    </datafield>
    <datafield tag="490" ind1=" " ind2=" ">
      <subfield code="a">Educación para la salud</subfield>
      <subfield code="v">Carpeta no. 523</subfield>
    </datafield>
    <datafield tag="500" ind1=" " ind2=" ">
      <subfield code="a">Tít. de partida: Biología y anatomía</subfield>
    </datafield>
    <datafield tag="500" ind1=" " ind2=" ">
      <subfield code="a">Para tercer nivel (10 a 12 años)</subfield>
    </datafield>
    <datafield tag="650" ind1=" " ind2=" ">
      <subfield code="a"> APARATO LOCOMOTOR</subfield>
    </datafield>
    <datafield tag="650" ind1=" " ind2=" ">
      <subfield code="a"> EGB </subfield>
    </datafield>
    <datafield tag="650" ind1=" " ind2=" ">
      <subfield code="a"> MATERIAL DIDACTICO</subfield>
    </datafield>
    <datafield tag="942" ind1=" " ind2=" ">
      <subfield code="c">DP</subfield>
    </datafield>
    <datafield tag="952" ind1=" " ind2=" ">
      <subfield code="a">BIB_RECT</subfield>
      <subfield code="b">BIB_UASJ</subfield>
      <subfield code="d">2012-05-08</subfield>
      <subfield code="y">DP</subfield>
      <subfield code="p">04-42453</subfield>
      <subfield code="i">04-42453</subfield>
      <subfield code="g">70</subfield>
      <subfield code="o">611.7 A639a</subfield>
      <subfield code="e">UASJ</subfield>
      <subfield code="8">MM</subfield>
    </datafield>
  </record>